# Bibliographie

@misc{ref1,
	title={GameBoy CPU manual},
	howpublished = "\url{http://marc.rawer.de/Gameboy/Docs/GBCPUman.pdf}"
}

@misc{ref2,
	title={The Cycle-Accurate Game Boy Docs},
	author={Antonio Niño Díaz (AntonioND)},
	year={2014},
	howpublished = "\url{https://github.com/AntonioND/giibiiadvance/blob/master/docs/TCAGBD.pdf}"
}

@misc{ref3,
	title={The Ultimate Game Boy Talk},
	author={media.ccc.de},
	year={2016},
	month={dec},
	howpublished = "\url{https://www.youtube.com/watch?v=HyzD8pNlpwI}"
}

@misc{ref4,
	title={Gameboy instruction set},
	howpublished = "\url{http://www.pastraiser.com/cpu/gameboy/gameboy_opcodes.html}"
}

@book{ref5,
	author={gbdev.gg8.se},
	title={GameBoy Bootstrap ROM},
	howpublished = "\url{http://gbdev.gg8.se/wiki/articles/Gameboy_Bootstrap_ROM#Contents_of_the_ROM}"
}

@misc{ref6,
	author={Blargg},
	title={Blargg's tests},
	howpublished="\url{http://gbdev.gg8.se/files/roms/blargg-gb-tests/}"
}

@misc{ref7,
	author={Mooneye},
	title={Mooneye's tests},
	howpublished="\url{https://github.com/Gekkio/mooneye-gb}"
}

@misc{ref8,
	author={Cinoop},
	title={Writing a Game Boy emulator},
	howpublished="\url{https://cturt.github.io/cinoop.html}"
}

@misc{ref9,
	author={Tomek},
	title={Why did I spend 1.5 months creating a Gameboy emulator?},
	howpublished="\url{http://blog.rekawek.eu/2017/02/09/coffee-gb/}"
}

@misc{ref10,
	author={codeslinger.co.uk},
	title={Emulating the Gameboy},
	howpublished="\url{http://www.codeslinger.co.uk/pages/projects/gameboy.html}"
}

@misc{ref11,
	author={serginho89},
	title={Complete, Fast, Accurate, Free, Game Boy/Game Boy Color/Super Game Boy Emulator for Linux/Unix},
	howpublished="\url{https://realboyemulator.wordpress.com}"
}

@misc{ref12,
	author={reddit},
	title={Emulator development},
	howpublished="\url{https://www.reddit.com/r/EmuDev/}"
}

@misc{ref13,
	author={nesdev},
	title={GBDev},
	howpublished="\url{https://forums.nesdev.com/viewforum.php?f=20&sid=489c538fac210e3719c81d4f65ed4247}"
}

@misc{ref14,
	author={JackTech},
	title={The Game Boy, a hardware autopsy - Part 1: the CPU},
	howpublished="\url{https://www.youtube.com/watch?v=RZUDEaLa5Nw}"
}

@misc{ref15,
	author={JackTech},
	title={The Game Boy, a hardware autopsy - Part 1.5: a few mistakes and register F},
	howpublished="\url{https://www.youtube.com/watch?v=t0V-D2YMhrs}"
}

@misc{ref16,
	author={JackTech},
	title={The Game Boy, a hardware autopsy - Part 2: memory mapping},
	howpublished="\url{https://www.youtube.com/watch?v=ecTQVa42sJc&t=576s}"
}

@misc{ref17,
	author={peterwynroberts.com},
	title={GameBoy programming tutorial: Hello World!},
	howpublished="\url{http://peterwynroberts.com/?p=10}"
}